<?xml version='1.0' encoding='UTF-8'?>
<record xmlns="http://www.loc.gov/MARC21/slim">
  <leader>02696cam a2200433 a 4500</leader>
  <controlfield tag="001">2842432</controlfield>
  <controlfield tag="003">NjP</controlfield>
  <controlfield tag="005">20171020174352.0</controlfield>
  <controlfield tag="008">000306s1883    mr            000 0 ara d</controlfield>
  <datafield tag="024" ind1="7" ind2=" ">
    <subfield code="a">princeton_aco002265</subfield>
    <subfield code="2">local</subfield>
  </datafield>
  <datafield ind1=" " ind2=" " tag="035">
    <subfield code="a">(OCoLC)ocn178201104</subfield>
  </datafield>
  <datafield ind1=" " ind2=" " tag="035">
    <subfield code="a">(OCoLC)178201104</subfield>
  </datafield>
  <datafield ind1=" " ind2=" " tag="035">
    <subfield code="9">CNS6167TS</subfield>
  </datafield>
  <datafield ind1=" " ind2=" " tag="035">
    <subfield code="a">(NjP)2842432</subfield>
  </datafield>
  <datafield ind1=" " ind2=" " tag="040">
    <subfield code="a">NjP</subfield>
    <subfield code="c">PUL</subfield>
    <subfield code="d">PUL</subfield>
  </datafield>
  <datafield ind1=" " ind2=" " tag="049">
    <subfield code="a">PULL</subfield>
  </datafield>
  <datafield ind1=" " ind2=" " tag="079">
    <subfield code="a">ocm78116258</subfield>
  </datafield>
  <datafield ind1="1" ind2=" " tag="100">
    <subfield code="6">880-01</subfield>
    <subfield code="a">Qaṣṣārah, ʻAlī ibn Idrīs,</subfield>
    <subfield code="d">-1843 or 1844.</subfield>
    <subfield code="0">http://id.loc.gov/authorities/names/no00019615</subfield>
  </datafield>
  <datafield ind1="1" ind2="0" tag="240">
    <subfield code="6">880-02</subfield>
    <subfield code="a">Ḥāshiyah ʻalá Sharḥ Bannānī ʻalá al-Sullam al-Akhḍarī</subfield>
  </datafield>
  <datafield ind1="1" ind2="0" tag="245">
    <subfield code="6">880-03</subfield>
    <subfield code="a">Ḥāshiyat al-ʻallāmah Sayyidī ʻAlī Qaṣṣārah ʻalá Sharḥ al-Imām al-muḥaqqiq al-shahīr Abī ʻAbd Allāh Sayyidī Muḥammad Bannānī ʻalá al-Sullam al-Akhḍarī.</subfield>
  </datafield>
  <datafield ind1="3" ind2="0" tag="246">
    <subfield code="6">880-04</subfield>
    <subfield code="a">Ḥāshiyat ʻAlī Qaṣṣārah ʻalá Sharḥ Abī ʻAbd Allāh Muḥammad Bannānī ʻalá al-Sullam al-Akhḍarī</subfield>
  </datafield>
  <datafield ind1=" " ind2=" " tag="260">
    <subfield code="a">[Morocco :</subfield>
    <subfield code="b">s.n.],</subfield>
    <subfield code="c">1300 [1883]</subfield>
  </datafield>
  <datafield ind1=" " ind2=" " tag="300">
    <subfield code="a">1 v. (various pagings) ;</subfield>
    <subfield code="c">22 cm.</subfield>
  </datafield>
  <datafield ind1="1" ind2="0" tag="600">
    <subfield code="6">880-05</subfield>
    <subfield code="a">Firʻawn, Muḥammad ibn Aḥmad,</subfield>
    <subfield code="d">-1845.</subfield>
    <subfield code="t">Sharḥ ʻalá Sullam fī ʻilm al-manṭiq.</subfield>
  </datafield>
  <datafield ind1="1" ind2="0" tag="600">
    <subfield code="6">880-06</subfield>
    <subfield code="a">Akhḍarī, ʻAbd al-Raḥmān ibn Muḥammad,</subfield>
    <subfield code="d">1512 or 1513-1575 or 1576.</subfield>
    <subfield code="t">Sullam fī ʻilm al-manṭiq.</subfield>
  </datafield>
  <datafield ind1=" " ind2="7" tag="655">
    <subfield code="a">Lithographs</subfield>
    <subfield code="z">Morocco</subfield>
    <subfield code="y">1883</subfield>
    <subfield code="2">gmgpc</subfield>
  </datafield>
  <datafield ind1="1" ind2="2" tag="700">
    <subfield code="6">880-07</subfield>
    <subfield code="a">Firʻawn, Muḥammad ibn Aḥmad,</subfield>
    <subfield code="d">-1845.</subfield>
    <subfield code="t">Sharḥ ʻalá Sullam fī ʻilm al-manṭiq.</subfield>
    <subfield code="0">http://id.loc.gov/authorities/names/n89188737</subfield>
  </datafield>
  <datafield ind1="0" ind2=" " tag="740">
    <subfield code="6">880-08</subfield>
    <subfield code="a">Sullam fī ʻilm al-manṭiq.</subfield>
  </datafield>
  <datafield ind1="1" ind2=" " tag="880">
    <subfield code="6">100-01/r</subfield>
    <subfield code="a">قصارة، علي بن ادريس،</subfield>
    <subfield code="d">-1843 or 1844.</subfield>
  </datafield>
  <datafield ind1="1" ind2="0" tag="880">
    <subfield code="6">240-02/r</subfield>
    <subfield code="a">حاشية على شرح بناني على السلم الاخضري</subfield>
  </datafield>
  <datafield ind1="1" ind2="0" tag="880">
    <subfield code="6">245-03/r</subfield>
    <subfield code="a">حاشية العلامة سيدي علي قصارة على شرح الامام المحقق الشهير ابي عبد الله سيدي محمد بناني على السلم الاخضري.</subfield>
  </datafield>
  <datafield ind1="3" ind2="0" tag="880">
    <subfield code="6">246-04/r</subfield>
    <subfield code="a">حاشية علي قصارة على شرح ابي عبد الله محمد بناني على السلم الاخضري</subfield>
  </datafield>
  <datafield ind1="1" ind2="4" tag="880">
    <subfield code="6">600-05/r</subfield>
    <subfield code="a">فرعون، محمد بن احمد،</subfield>
    <subfield code="d">-1845.</subfield>
    <subfield code="t">شرح على سلم في علم المنطق.</subfield>
  </datafield>
  <datafield ind1="1" ind2="4" tag="880">
    <subfield code="6">600-06/r</subfield>
    <subfield code="a">اخضري، عبد الرحمن بن محمد،</subfield>
    <subfield code="d">1512 or 1513-1575 or 1576.</subfield>
    <subfield code="t">سلم في علم المنطق.</subfield>
  </datafield>
  <datafield ind1="1" ind2="2" tag="880">
    <subfield code="6">700-07/r</subfield>
    <subfield code="a">فرعون، محمد بن احمد،</subfield>
    <subfield code="d">-1845.</subfield>
    <subfield code="t">شرح على سلم في علم المنطق.</subfield>
  </datafield>
  <datafield ind1="0" ind2=" " tag="880">
    <subfield code="6">740-08/r</subfield>
    <subfield code="a">سلم في علم المنطق.</subfield>
  </datafield>
  <datafield ind1=" " ind2=" " tag="948">
    <subfield code="a">jeb</subfield>
  </datafield>
  <datafield ind1=" " ind2=" " tag="911">
    <subfield code="a">20000306</subfield>
  </datafield>
  <datafield ind1=" " ind2=" " tag="994">
    <subfield code="a">C0</subfield>
    <subfield code="b">PUL</subfield>
  </datafield>
  <datafield ind1=" " ind2=" " tag="999">
    <subfield code="a">2842432</subfield>
  </datafield>
  <datafield ind1="0" ind2="0" tag="852">
    <subfield code="0">3155147</subfield>
    <subfield code="b">nec</subfield>
    <subfield code="t">1</subfield>
    <subfield code="h">KBP320.A393</subfield>
    <subfield code="i">Q277 1883</subfield>
  </datafield>
  <datafield ind1=" " ind2=" " tag="959">
    <subfield code="a">2000-06-13 00:00:00 -0400</subfield>
  </datafield>
</record>
